% BibTeX database for AFT at i3A

%% bibtexfile{
%%  author	= " ",
%%  version	= "1.0",
%%  date	= "10 April 2003",
%%  filename	= "fuzzy.bib",
%%  adress	= "Fachhochschule Trier
%%		   University of Applied Sciences Trier
%%		   Postfach 1826
%%		   D-54208 Trier
%%		   Germany",
%%  email	= "<i3a.fh-trier.de>" }


% How to use this file within an german document!
%
% - set 'german' as global option to documentclass
%   e.g.: '\documentclass[12pt,a4paper,oneside,german,epsfig]{ai-paper}'
% - use package 'babel': '\usepackage{babel}'
% - use package 'bibgerm': '\usepackage{bibgerm}'
% - use bibstyle 'geralpha', 'gerplain', ...
%   e.g.: '\bibliographystyle{geralpha}'
%
% Within this .bib-file use 'and' to specify more than one author. 
% You have to use only the english abbreviations WITHOUT curly brackets
% for months! e.g.: 'jan', 'feb', 'mar', 'apr', 'mai', 'jun', 'jul',
% 'aug', 'sep', 'oct', 'nov', 'dec'.



% Short explanation of entry types:
%
% Article:          An article from a journal or magazine.
% Book:             A Book with an explicit publisher.
% Booklet:          A work that is printed and bound, but without a 
%                   named publisher or sponsoring institution.
% InBook:           A part of a book which may be a chapter (or section
%                   or whatever) and/or a range of pages.
% InCollection:     A part of a book having ots own title.
% InProceedings:    An article in a conference proceedings.
% Manual:           Technical documentation.
% Mastersthesis:    A Master's thesis.
% Misc:             Use this type when nothing else fits.
% PhDthesis:        A PhD thesis.
% Proceedings:      The proceedings of a conference. See also: inproceedings.
% Techreport:       A report published by a school or other institution, 
%                   usally numbered within a series.
%
% Further Information may be found at www.din1505.informationskompetenz.net



%%%%%%%% article
%%
%% An article from a journal or magazine.
%%
%% Required fields:
%% author, title, journal, year
%%
%% Optional fields:
%% volume, number, pages, month, note


%%%%%%%% book
%%
%% A Book with an explicit publisher.
%%
%% Required fields:
%% author or editor, title, publisher, year
%%
%% Optional fields:
%% volume or number, series, address, edition, month, isbn, note








@book{Manning:08,
	author	= {Christopher D. Manning, Prabhakar Raghavan, Hinrich Schütze},
	title		= {{Introduction to Information Retrieval}},
	publisher	= {Cambridge University Press},
	year		= 2008,
}


@book{Claus:06,
	author	= {Prof. Dr. Volker Claus, Prof. Dr. Andreas Schwill},
	title		= {{Duden Informatik A-Z: Fachlexikon für Studium, Ausbildung und Beruf}},
	howpublished = {4. Auflage},
	publisher	= {Dudenverlag},
	year		= 2006,
}

@book{Ferber:03,
	author	= {Reginald Ferber},
	title		= {{Information Retrieval - Suchmodelle und Data-Mining-Verfahren für Textsammlungen und das Web}},
	publisher	= {dpunkt.verlag},
	year		= 2003,
}


@book{Bryson:14,
	author	= {Kweku-Muata Osei-Bryson, Ojelanki Ngwenyama},
	title		= {{Advances in Research Methods for Information Systems Research - Data Mining, Data Envelopment 
	Analysis, Value Focused Thinking}},
	publisher	= {Springer Verlag},
	series= {Integrated Series in Information Systems},
	number={34},
	year		= 2014,
}



@book{Buettcher:10,
		author	= {Stefan Büttcher, Charles L.A. Clarke, Gordon V. Cormack},
	title		= {{Information Retrieval - Implementing and Evaluating Search Engines}},
	publisher	= {The MIT Press},
	year		= 2010,
}

@book{Jaenich:84,
	author	= {Klaus Jänich},
	title		= {{Lineare Algebra - Ein Skriptum für das erste Semester}},
	publisher	= {Springer-Verlag},
	howpublished ={3.Auflage},
	year		= 1984,
}






%%%%%%%% booklet
%%
%% A work that is printed and bound, but without a named publisher or
%% sponsoring institution.
%%
%% Required fields:
%% title
%%
%% Optional fields:
%% author, howpublished, address, month, year, note



%%%%%%%% inbook
%%
%% A part of a book which may be a chapter (or section or whatever) and/or 
%% a range of pages.
%%
%% Required fields:
%% author or editor, title, chapter and/or pages, publisher, year
%%
%% Optional fields:
%% volume or number, series, type, address, edition, month, note



%%%%%%%% incollection
%%
%% A part of a book having its own title.
%%
%% Required fields:
%% author, title, booktitle, publisher, year
%%
%% Optional fields:
%% editor, volume or number, series, type, chapter, pages, address, 
%% edition, month, note




%%%%%%%% inproceedings
%%
%% An article in a conference preceedings.
%%
%% Required fields:
%% author, title, booktitle, year
%%
%% Optional fields:
%% editor, volume or number, series, pages, address, month, organization, 
%% publisher, note



%%%%%%%% manual
%%
%% Technical documentation.
%%
%% Required fields:
%% title
%%
%% Optional fields:
%% author, editor, organization, address, edition, month, year, note

%%%%%%%% mastersthesis
%%
%% A Master's thesis.
%%
%% Required fields:
%% author, title, school, year
%%
%% Optional fields:
%% type, address, month, note



%%%%%%%% misc
%%
%% Use this type when nothing else fits.
%%
%% Required fields:
%% none.
%%
%% Optional fields:
%% author, title, url, month, year, note

















@misc{Academic:12,
	title={{Academic - Universal-Lexikon}},
	year=2012,
	url={http://universal_lexikon.deacademic.com/253489/Informationsr%C3%BCckgewinnung},
	note={\\ {\url{http://universal_lexikon.deacademic.com/253489/Informationsr%C3%BCckgewinnung}}
}}

@misc{Engelhardt:14,
	author={Alexander Engelhardt},
	title={{Crashkurs Statistik - Kreuztabellen / Kontingenztafeln}},
	year=2014,
	url={http://www.crashkurs-statistik.de/kreuztabellen-kontingenztafeln/},
	note={\\ {\url{http://www.crashkurs-statistik.de/kreuztabellen-kontingenztafeln/}}
	}}



@misc{Ionescu:16,
author= {Stelian Ionescu},
title={{split-sequence Package}},
year=2016,
url={https://github.com/sharplispers/split-sequence/blob/master/split-sequence.lisp},
note={\\ {\url{https://github.com/sharplispers/split-sequence/blob/master/split-sequence.lisp}}
}
}

@misc{Henrich:08,
author={Andreas Henrich},
title={{Information Retrieval 1 -Grundlagen, Modelle und Anwendungen}},
year=2008,
url={https://www.uni-bamberg.de/fileadmin/uni/fakultaeten/wiai_lehrstuehle/medieninformatik/Dateien/Publikationen/2008/henrich-ir1-1.2.pdf},
note={\\ {\url{https://www.uni-bamberg.de/fileadmin/uni/fakultaeten/wiai_lehrstuehle/medieninformatik/Dateien/Publikationen/2008/henrich-ir1-1.2.pdf}
}}}


@misc{Kohlfuerst:09,
	author={Michael Kohlfürst},
	title={{PromoMasters Online Marketing - Deutsche StopWords Liste}},
	year=2009,
	url={http://www.promomasters.at/blog/stop-words/},
	note={\\ {\url{http://www.promomasters.at/blog/stop-words/}}}
}


@misc{webtools:13,
	title={{99webTools - List of English Stop words}},
	year=2013,
	url={http://99webtools.com/blog/list-of-english-stop-words/},
	note={\\ {\url{http://99webtools.com/blog/list-of-english-stop-words/}}}
}



@misc{meta:16,
	title={{ITWissen.info - Metadaten}},
	year=2016,
	url={http://www.itwissen.info/Metadaten-meta-data.html/},
	note={\\ {\url{http://www.itwissen.info/Metadaten-meta-data.html}}}
}


@misc{Norvig:16,
	author={Peter Norvig},
	title={{How to Write a Spelling Corrector}},
	year=2016,
	url={http://norvig.com/spell-correct.html},
	note={\\ {\url{http://norvig.com/spell-correct.html}}}
}




%%%%%%%% phdthesis
%%
%% A PhD thesis.
%%
%% Required fields:
%% author, title, school, year
%% 
%% Optional fields:
%% type, address, month, note

%%%%%%%% proceedings
%%
%% The proceedings of a conference. See also: inproceedings.
%%
%% Required fields:
%% title, year
%%
%% Optional fields:
%% editor, volume or number, series, address, month, organization, publisher, note

%%%%%%%% techreport
%%
%% A report published by a school or other institution, usally 
%% numbered within a series.
%%
%% Required fields:
%% author, title, institution, year
%%
%% Optional fields:
%% type, number, address, month, note


@techreport{Mosberger:93,
  author	= {David Mosberger},
  title		= {{Memory Consistency Models}},
  year		= 1993,
  month		= Nov,
  type		= {Technical Report 93/11},
  institution	= {University of Arizona}
}

@techreport{Malte:97,
  author	= {Peter Malte},
  title		= {{Replikation in Mobil Computing}},
  institution	= {Institut f{\"u}r Telematik der Universit{\"a}t Karlsruhe},
  year		= 1997,
  type		= {Seminar},
  address	= {Karsruhe},
  number	= {No 31/1997},
  url		= {http://www.ubka.uni-karlsruhe.de/cgi-bin/psview?document=/ira/1997/31},
  note={\\{\url{http://www.ubka.uni-karlsruhe.de/cgi-bin/psview?document=/ira/1997/31}}}
}

@techreport{Moser:97,
  author	= {Boris Moser},
  title		= {{Memory Consistency Modelle}},
  institution	= {Institut f{\"u}r Telematik der Universit{\"a}t Karlsruhe},
  year		= 1997,
  type		= {Seminar},
  address	= {Karsruhe},
  number	= {No 31/1997},
  url		= {http://www.ubka.uni-karlsruhe.de/cgi-bin/psview?document=/ira/1997/31},
  note={\\ {\url{http://www.ubka.uni-karlsruhe.de/cgi-bin/psview?document=/ira/1997/31}}}
}

@techreport{Bastian:02,
  author	= {Peter Bastian},
  title		= {{Paralleles Rechnen}},
  year		= 2002,
  type		= {Vorlesungsskript},
  institution	= {Uni Heidelberg},
  url		= {http://hal.iwr.uni-heidelberg.de/~peter/Papers/pr1.pdf},
  note={\\ {\url{http://hal.iwr.uni-heidelberg.de/~peter/Papers/pr1.pdf}}}
}

@techreport{Becker:01,
  author	= {Christoph Becker},
  title		= {{Rechenorganisation der AG Betriebssysteme}},
  type		= {Proseminar},
  year		= 2001,  
  institution	= {Uni Magdeburg},
  url		= {http://ivs.cs.uni-magdeburg.de/bs/lehre/wise0001/proro/sm.html},
  note={\\ {\url{http://ivs.cs.uni-magdeburg.de/bs/lehre/wise0001/proro/sm.html}}}
}

@techreport{Nguyen:03,
  author	= {Van-Phai Nguyen},
  title		= {{Fenite Elemente Methode}},
  year		= 2003,
  type		= {Vorlesungsskript},
  institution	= {FH-Trier}
  }
  @techreport{Schmitz:05,
  author	= {Heinz Schmitz},
  title		= {{Optimierungsprobleme und Approximation}},
  year		= 2005,
  type		= {Vorlesungsskript},
  institution	= {FH-Trier}
}







 @techreport{Hofer:17,
author	= {Andreas Hofer},
title		= {{User-Interface-Design WS 2016/17 - 2 Gestalten}},
year		= 2017,
type		= {Vorlesungsskript},
institution	= {FH-Trier}
}


